@article{dohm2018,
	author = {Dohm, Sebastian and Hansen, Andreas and Steinmetz, Marc and Grimme, Stefan and Checinski, Marek P},
	title = {Comprehensive Thermochemical Benchmark Set of Realistic Closed-Shell Metal Organic Reactions},
	journal = {Journal of Chemical Theory and Computation},
	volume = {14},
	number = {},
	pages = {2596--2608},
	year = {2018},
	doi = {10.1021/acs.jctc.7b01183},
	}